<record><leader>00000cas a2200000 a 4500</leader><controlfield tag="001">12847673</controlfield><controlfield tag="008">851126d18181822nyuwr ne      0    0eng c</controlfield><datafield ind1=" " ind2=" " tag="010"><subfield code="a">sn 85026970 </subfield></datafield><datafield ind1=" " ind2=" " tag="040"><subfield code="a">NPX</subfield><subfield code="b">eng</subfield><subfield code="c">NPX</subfield><subfield code="d">NYS</subfield><subfield code="d">DLC</subfield><subfield code="d">NYS</subfield><subfield code="d">OCL</subfield><subfield code="d">NYS</subfield><subfield code="d">OCLCG</subfield><subfield code="d">OCLCQ</subfield><subfield code="d">OCLCA</subfield><subfield code="d">OCLCQ</subfield><subfield code="d">OCLCO</subfield><subfield code="d">OCLCA</subfield><subfield code="d">OCLCF</subfield></datafield><datafield ind1="1" ind2=" " tag="029"><subfield code="a">AU@</subfield><subfield code="b">000020124837</subfield></datafield><datafield ind1=" " ind2=" " tag="042"><subfield code="a">pcc</subfield></datafield><datafield ind1=" " ind2=" " tag="043"><subfield code="a">n-us-ny</subfield></datafield><datafield ind1="0" ind2="4" tag="245"><subfield code="a">The Penn-Yan herald.</subfield></datafield><datafield ind1=" " ind2=" " tag="260"><subfield code="a">Penn-Yan, N.Y. :</subfield><subfield code="b">A.H. Bennett &amp; P. Youngs</subfield></datafield><datafield ind1=" " ind2=" " tag="300"><subfield code="a">volumes</subfield></datafield><datafield ind1=" " ind2=" " tag="310"><subfield code="a">Weekly</subfield></datafield><datafield ind1=" " ind2=" " tag="336"><subfield code="a">text</subfield><subfield code="b">txt</subfield><subfield code="2">rdacontent</subfield></datafield><datafield ind1=" " ind2=" " tag="337"><subfield code="a">unmediated</subfield><subfield code="b">n</subfield><subfield code="2">rdamedia</subfield></datafield><datafield ind1=" " ind2=" " tag="338"><subfield code="a">volume</subfield><subfield code="b">nc</subfield><subfield code="2">rdacarrier</subfield></datafield><datafield ind1="1" ind2=" " tag="362"><subfield code="a">Began in May 1818?</subfield><subfield code="z">Cf. Brigham, C.S. Amer. newspapers.</subfield></datafield><datafield ind1="1" ind2=" " tag="362"><subfield code="a">Ceased in 1822.</subfield><subfield code="z">Cf. Wolcott, W. Hist. of Penn Yan.</subfield></datafield><datafield ind1=" " ind2=" " tag="500"><subfield code="a">Yates County formed from Ontario County, Feb. 5, 1823.</subfield></datafield><datafield ind1=" " ind2=" " tag="500"><subfield code="a">Publishers: Abraham H. Bennett &amp; P. Youngs, &lt;1819&gt;; Abraham H. Bennett, &lt;1819-1821&gt;.</subfield></datafield><datafield ind1=" " ind2=" " tag="588"><subfield code="a">Description based on: Vol. 1, no. 21 (Sept. 29, 1818).</subfield></datafield><datafield ind1=" " ind2="0" tag="651"><subfield code="a">Penn Yan (N.Y.)</subfield><subfield code="v">Newspapers.</subfield></datafield><datafield ind1=" " ind2="0" tag="651"><subfield code="a">Yates County (N.Y.)</subfield><subfield code="v">Newspapers.</subfield></datafield><datafield ind1=" " ind2="7" tag="655"><subfield code="a">Newspapers.</subfield><subfield code="2">fast</subfield><subfield code="0">(OCoLC)fst01423814</subfield></datafield><datafield ind1=" " ind2="7" tag="651"><subfield code="a">New York (State)</subfield><subfield code="z">Penn Yan.</subfield><subfield code="2">fast</subfield><subfield code="0">(OCoLC)fst01220518</subfield></datafield><datafield ind1=" " ind2="7" tag="651"><subfield code="a">New York (State)</subfield><subfield code="z">Yates County.</subfield><subfield code="2">fast</subfield><subfield code="0">(OCoLC)fst01209739</subfield></datafield><datafield ind1="1" ind2=" " tag="700"><subfield code="a">Bennett, Abraham H.,</subfield><subfield code="d">1796-1841 or 1842.</subfield></datafield><datafield ind1="1" ind2=" " tag="700"><subfield code="a">Youngs, P.</subfield></datafield><datafield ind1=" " ind2=" " tag="752"><subfield code="a">United States</subfield><subfield code="b">New York</subfield><subfield code="c">Yates</subfield><subfield code="d">Penn Yan.</subfield></datafield><datafield ind1=" " ind2=" " tag="752"><subfield code="a">United States</subfield><subfield code="b">New York</subfield><subfield code="c">Ontario</subfield><subfield code="d">Penn Yan.</subfield></datafield><datafield ind1="0" ind2="0" tag="785"><subfield code="t">Penn-Yan Democrat</subfield><subfield code="w">(DLC)sn 83031517</subfield></datafield></record>